@misc{conventional-commits,
    author = "Conventional Commits",
    title = "Conventional Commits 1.0.0",
    howpublished = {\url{https://www.conventionalcommits.org/en/v1.0.0/}},
    note = "[Internet; descargado 7-julio-2024]"
}

@misc{npm:serve,
    author = "npm",
    title = "serve",
    howpublished = {\url{https://www.npmjs.com/package/serve}},
    note = "[Internet; descargado 7-julio-2024]"
}

@misc{ playwright,    
    author = "Playwright",
    title = "Playwright",
    url = {https://playwright.dev/},
    howpublished = {\url{https://playwright.dev/}},
    note = "[Internet; descargado 4-julio-2024]"
}

@misc{ github-actions,
    author = "GitHub",
    title = "GitHub Actions -- Documentation",
    url = {https://docs.github.com/en/actions},
    howpublished = {\url{https://docs.github.com/en/actions}},
    note = "[Internet; descargado 4-julio-2024]"
}

@misc{ biome,
    author = "Biome",
    title = "Biome",
    url = {https://biomejs.dev/},
    howpublished = {\url{https://biomejs.dev/}},
    note = "[Internet; descargado 4-julio-2024]",
    note = "[Internet; descargado 4-julio-2024]"
}

@misc{ react,
    author = "Facebook",
    title = "https://es.react.dev/",
    url = {https://es.react.dev/},
    howpublished = {\url{https://es.react.dev/}},
    note = "[Internet; descargado 4-julio-2024]"
}

@misc{ wiki:javascript,
    author = "Wikipedia",
    title = "JavaScript --- Wikipedia{,} La enciclopedia libre",
    url = {https://es.wikipedia.org/wiki/JavaScript},
    howpublished = {\url{https://es.wikipedia.org/wiki/JavaScript}},
    note = "[Internet; descargado 4-julio-2024]",
}

@misc{ mxgraph,
    author = "jGraph",
    title = "mxGraph",
    url = {https://github.com/jgraph/mxgraph},
    howpublished = {\url{https://github.com/jgraph/mxgraph}},
    note = "[Internet; descargado 4-julio-2024]"
}

@misc{ maxgraph,
    author = "maxGraph",
    title = "maxGraph",
    url = {https://github.com/maxGraph/maxGraphv},
    howpublished = {\url{https://github.com/maxGraph/maxGraph}},
    note = "[Internet; descargado 7-julio-2024]"
}

@misc{apache:license,
    author = "{Apache Software Foundation}",
    title = "{Apache License, Version 2.0}",
    howpublished = "\url{https://www.apache.org/licenses/LICENSE-2.0.html}",
    note = "[Internet; descargado 7-julio-2024]"
}

@misc{mit:license,
    author = "{Open Source Initiative}",
    title = "{The MIT License}",
    howpublished = "\url{https://mit-license.org/}",
    note = "[Internet; descargado 7-julio-2024]"
}

@misc{sistemasoperativos:mit,
    author = "Sistemas Operativos",
    title = "{Licencia MIT}",
    howpublished = "\url{https://sistemasoperativos.info/software-libre/licencia-mit/}",
    note = "[Internet; descargado 7-julio-2024]"
}

@misc{ sistemasoperativos:apache,
    author = "{sistemasoperativos.info}",
    title = "{Licencia Apache --- Sistemas Operativos}",
    howpublished = {\url{https://sistemasoperativos.info/software-libre/licencia-apache/}},
    note = "[Internet; descargado 7-julio-2024]"
}

@misc{github:fork,
    author = "GitHub",
    title = "Fork a Repo",
    howpublished = {\url{https://docs.github.com/en/pull-requests/collaborating-with-pull-requests/working-with-forks/fork-a-repo}},
    note = "[Internet; descargado 7-julio-2024]"
}


