@misc{ draw-er-app:web,
    author = "Rubén Maté Iturriaga",
    title = "Sitio web de Draw-ER-App",
    year = "2024",
    url = {https://draw-entity-relation.vercel.app/},
	howpublished = "\url{https://draw-entity-relation.vercel.app/}"
}

@misc{ draw-er-app:repo,
    author = "Rubén Maté Iturriaga",
    title = "Repositorio de Draw-ER-App en GitHub",
    year = "2024",
    url = {https://github.com/rubenmate/draw-entity-relation},
	howpublished = "\url{https://github.com/rubenmate/draw-entity-relation}"
}

@misc{ git,
    author = "Git",
    title = "Git documentation",
    url = {https://git-scm.com/docs/},
	howpublished = "\url{https://git-scm.com/docs/}"
}

@misc{ git-worktree,
    author = "Git",
    title = "Git-worktree documentatin",
    url = {https://git-scm.com/docs/git-worktree},
	howpublished = "\url{https://git-scm.com/docs/git-worktree}"
}

@misc{ github,
    author = "GitHub",
    title = "GitHub",
    url = {https://github.com/},
    howpublished = {\url{https://github.com/}}
}

@misc{ typescript,
    author = "Microsoft",
    title = "TypeScript",
    url = {https://www.typescriptlang.org/},
	howpublished = "\url{https://www.typescriptlang.org/}"
}

@misc{ fnm,
    author = "Schniz",
    title = "fnm - Fast Node Manager",
    url = {https://github.com/Schniz/fnm},
	howpublished = "\url{https://github.com/Schniz/fnm}"
}

@misc{ jest,
    author = "Jest",
    title = "Jest",
    url = {https://jestjs.io/},
	howpublished = "\url{https://jestjs.io/}"
}

@misc{ vitest,
    author = "Vitest",
    title = "Vitest",
    url = {https://vitest.dev/},
	howpublished = "\url{https://vitest.dev/}"
}

@misc{ wiki:tdd,
    author = "Wikipedia",
    title = "Test Driven Development --- Wikipedia{,} La enciclopedia libre",
    howpublished = {\url{https://es.wikipedia.org/wiki/Desarrollo_guiado_por_pruebas}}
}

@misc{ gitflow,
    author = "Atlassian",
    title = "Gitflow",
    url = {https://www.atlassian.com/es/git/tutorials/comparing-workflows/gitflow-workflow},
    howpublished = {\url{https://www.atlassian.com/es/git/tutorials/comparing-workflows/gitflow-workflow}}
}

@misc{ draw-io,
    author = "Draw.io",
    title = "Draw.io",
    url = {https://app.diagrams.net/},
    howpublished = {\url{https://app.diagrams.net/}}
}

@misc{ excalidraw,
    author = "Excalidraw",
    title = "Excalidraw",
    url = {https://excalidraw.com/},
    howpublished = {\url{https://excalidraw.com/}}
}

@misc{ mxgraph,
    author = "jGraph",
    title = "mxGraph",
    url = {https://github.com/jgraph/mxgraph},
    howpublished = {\url{https://github.com/jgraph/mxgraph}}
}
@misc{ react,
    author = "Facebook",
    title = "https://es.react.dev/",
    url = {https://es.react.dev/},
    howpublished = {\url{https://es.react.dev/}}
}
@misc{ material-ui,
    author = "MUI",
    title = "Material UI",
    url = {https://mui.com/},
    howpublished = {\url{https://mui.com/}}
}
@misc{ biome,
    author = "Biome",
    title = "Biome",
    url = {https://biomejs.dev/},
    howpublished = {\url{https://biomejs.dev/}}
}
@misc{ playwright,    
    author = "Playwright",
    title = "Playwright",
    url = {https://playwright.dev/},
    howpublished = {\url{https://playwright.dev/}}
}
@misc{ lefthook,
    author = "EvilMartians",
    title = "Lefthook",
    url = {https://github.com/evilmartians/lefthook},
    howpublished = {\url{https://github.com/evilmartians/lefthook}}
}
@misc{ github-actions,
    author = "GitHub",
    title = "GitHub Actions -- Documentation",
    url = {https://docs.github.com/en/actions},
    howpublished = {\url{https://docs.github.com/en/actions}}
}
